% This file was created with JabRef 2.9.2.
% Encoding: ISO8859_1

@misc{br_2019,
  title   = {{Respekt: Deutschrap - erfolgreich gegen Diskriminierung?}},
  note     = {\url{https://www.br.de/extra/respekt/deutschrap-diskriminierung-minderheit-100.html}},
  journal = {Deutschrap – erfolgreich gegen Diskriminierung?},
  author  = {{Bayerischer Rundfunk}},
  year    = {2019},
  month   = {Oct}
}

 @misc{steffes-lay_2019,
  title   = {{Bausa sorgt auf 'Vossi bop' f{\"u}r einen der ekligsten Deutschrap-Momente des Jahres}},
  note     = {\url{https://www.musikexpress.de/bausa-sorgt-auf-vossi-bop-fuer-einen-der-ekligsten-deutschrap-momente-des-jahres-1313477/}},
  journal = {Musikexpress},
  author  = {Steffes-lay, Friedrich},
  year    = {2019},
  month   = {Jul}
} 

 @misc{WFR2017,
  author       = {{Reback, Gedalyah and Berman, Daniel}},
  title        = {An {E}lasticsearch Tutorial: Getting Started},
  howpublished = {\note{https://logz.io/blog/elasticsearch-tutorial/}},
  year         = 2021,
  note         = {Last accessed on 2022-10-10}
} 

 @misc{salomo_greven_2021,
  title   = {{'In der Rap-Szene existiert ein judenfeindliches Grundrauschen'}},
  note     = {\url{https://www.kulturrat.de/themen/texte-zur-kulturpolitik/in-der-rap-szene-existiert-ein-judenfeindliches-grundrauschen/}},
  journal = {Deutscher Kulturrat},
  author  = {Salomo, Ben and Greven, Ludwig},
  year    = {2021},
  month   = {Nov}
} 

 @misc{mikhail_2020,
  title     = {{Capital Bra, kontra K, Samra: Warum Deutschrap so erfolgreich ist - Welt}},
  note       = {\url{https://www.welt.de/vermischtes/plus207052465/Capital-Bra-Kontra-K-Samra-Warum-Deutschrap-so-erfolgreich-ist.html}},
  journal   = {DIE WELT},
  publisher = {Welt},
  author    = {Mikhail, Jean},
  year      = {2020},
  month     = {Apr}
} 

 @misc{mtv_germany_2022,
  title   = {{Offizielle Single Top 100 - Musik Charts}},
  note     = {\url{https://www.mtv.de/info/tyk12u/single-top100}},
  journal = {MTV Germany},
  author  = {MTV Germany},
  year    = {2022},
  month   = {Oct}
} 

 @misc{puls_2016,
  title   = {{Diskriminierende Texte: So politisch korrekt ist Deutschrap}},
  note     = {\url{https://www.br.de/puls/musik/so-homophob-frauenfeindlich-rassistisch-und-behindertenfeindlich-ist-deutschrap-100.html}},
  journal = {Bayerischer Rundfunk},
  author  = {Matthias Scherer},
  year    = {2016},
  month   = {Sep}
} 

@book{heinisch2018schlampe,
  title     = {{Schlampe, Hure oder Heilige. Das Frauenbild im Deutschrap}},
  author    = {Heinisch, Melanie},
  year      = {2018},
  publisher = {GRIN Verlag}
}

@book{wiegel2011deutscher,
  title     = {{Deutscher Rap - Eine Kunstform als Manifestation von Gewalt?}},
  author    = {Wiegel, Martin},
  year      = {2011},
  publisher = {Tectum Wissenschaftsverlag}
}

@article{ahlers_2019,
  title     = {{'Kollegah the Boss': A case study of persona, types of capital, and virtuosity in German gangsta rap}},
  volume    = {38},
  doi       = {10.1017/S0261143019000473},
  number    = {3},
  journal   = {Popular Music},
  publisher = {Cambridge University Press},
  author    = {Ahlers, Michael},
  year      = {2019},
  pages     = {457-480}
}

 @misc{Deutschlandfunk_2021,
  title     = {{Feminismus im Deutschrap - Paradox und Vielf{\"a}ltig}},
  note       = {\url{https://www.deutschlandfunkkultur.de/hass-frau-paradoxer-feminismus-und-feministische-vielfalt-im-deutschrap-dlf-kultur-57d5044e-100.html}},
  journal   = {Deutschlandfunk Kultur},
  publisher = {deutschlandfunkkultur.de},
  author    = {Tajali-Awal, Tooka},
  year      = {2021},
  month     = {Dec}
} 

 @misc{me-redaktion_2021,
  title   = {{5 Deutschrap-Songs {\"ü}ber Alltagsrassismus, die wir kennen sollten}},
  note     = {\url{https://www.musikexpress.de/5-deutschrap-songs-ueber-alltagsrassismus-die-wir-kennen-sollten-1824489/}},
  journal = {Musikexpress},
  author  = {ME-Redaktion},
  year    = {2021},
  month   = {Feb}
} 

   @misc{rohwer_2020,
  title     = {{Sexismus im Deutschrap: Wir haben 30.000 songtexte aus vier Jahrzehnten analysiert}},
  note       = {\url{https://www.spiegel.de/kultur/musik/sexismus-im-deutsch-rap-text-analyse-aus-vier-jahrzehnten-rap-geschichte-a-8777bc4f-0c5d-461e-8d19-e99d69a3e3d0}},
  journal   = {DER SPIEGEL},
  publisher = {DER SPIEGEL},
  author    = {Rohwer, Bjoern},
  year      = {2020},
  month     = {Jul}
} 

  @misc{last.fm,
  title   = {{Topk{\"u}nstler von Deutschrap}},
  note     = {\url{https://www.last.fm/de/tag/deutschrap/artists}},
  journal = {Last.fm},
  author  = {Last.fm}
} 

 @misc{tonspion_2021,
  title   = {{Die 50 Wichtigsten Deutschen Rapper}},
  note     = {\url{https://www.tonspion.de/news/die-wichtigsten-deutschen-rapper}},
  journal = {Tonspion},
  author  = {Tonspion},
  year    = {2021},
  month   = {Jul}
} 

 @misc{genius,
  title   = {{Genius - Song Lyrics \& Knowledge}},
  note     = {\url{https://genius.com/}},
  journal = {Genius},
  author  = {Genius}
} 

 @misc{beatifulsoup,
  title   = {{Beautiful Soup}},
  note     = {\url{https://beautiful-soup-4.readthedocs.io/}},
  journal = {{Beautiful Soup}},
  author  = {{Beautiful Soup}}
} 


 @misc{lu_2022,
  title   = {{DL-translate: A deep learning-based translation library built on Huggingface Transformers}},
  note     = {\url{https://github.com/xhluca/dl-translate}},
  journal = {GitHub},
  author  = {Lu, Xing Han},
  year    = {2022},
  month   = {Jul}
} 

@misc{deepMLhatespeech,
title = {{Deep Learning Models for Multilingual Hate Speech Detection}},
note = {\url{https://github.com/hate-alert/DE-LIMIT}},
journal = {GitHub},
author = {Aluru, Sai Saketh and Saha, Punyajoy and Mathew, Binny},
year = {2021},
month = {Jun}
}

@misc{vader,
title = {{NLTK.Vader}},
note = {\url{https://www.nltk.org/_modules/nltk/sentiment/vader.html}},
author = {Hutto, Clayton J. and Klein, Ewan and Pantone, Pierpaolo and Berry, George and Suresh, Malavika}
}

@misc{mBart,
title = {{Multilingual BART}},
note = {\url{https://huggingface.co/facebook/mbart-large-cc25?text=My+name+is+Sarah+and+I+live+in+London}},
journal = {HuggingFace}
}

@article{aluru2020deep,
  title={Deep Learning Models for Multilingual Hate Speech Detection},
  author={Aluru, Sai Saket and Mathew, Binny and Saha, Punyajoy and Mukherjee, Animesh},
  journal={arXiv preprint arXiv:2004.06465},
  year={2020},
  note={\url{https://huggingface.co/Hate-speech-CNERG/dehatebert-mono-german}}
}

@inproceedings{davidson2017automated,
  title={Automated hate speech detection and the problem of offensive language},
  author={Davidson, Thomas and Warmsley, Dana and Macy, Michael and Weber, Ingmar},
  booktitle={Proceedings of the international AAAI conference on web and social media},
  volume={11},
  number={1},
  pages={512-515},
  year={2017},
  note={\url{https://github.com/Hironsan/HateSonar}}
}
   
@inproceedings{bird2006nltk,
  title={NLTK: the natural language toolkit},
  author={Bird, Steven},
  booktitle={Proceedings of the COLING/ACL 2006 Interactive Presentation Sessions},
  pages={69-72},
  year={2006},
  note={\url{https://www.nltk.org/index.html}}
}

@inproceedings{guhr2020training,
  title={Training a broad-coverage German sentiment classification model for dialog systems},
  author={Guhr, Oliver and Schumann, Anne-Kathrin and Bahrmann, Frank and B{\"o}hme, Hans Joachim},
  booktitle={Proceedings of The 12th Language Resources and Evaluation Conference},
  pages={1627-1632},
  year={2020},
  note={\url{https://huggingface.co/oliverguhr/german-sentiment-bert?text=Das+ist+gar+nicht+mal+so+schlecht}}
}

@article{wiegangsta,
  title={Gangsta-Rap - wie soll man das verstehen?},
  author={Michael Huber},
  journal={BPJM-Aktuell},
  year={2018},
  note={\url{https://www.bzkj.de/resource/blob/128956/a443538e6df7b950b4705bf83748f8ba/201803-gangstarap-data.pdf}}
}

@article{kollegahfarid,
  title={Provokation im Rap muss Grenzen haben},
  author={Leonie Feuerbach},
  journal={FAZ},
  year={2018},
  note={\url{https://www.faz.net/aktuell/gesellschaft/menschen/tv-kritik-zum-echo-2018-kollegah-und-farid-bang-gewinnen-echo-15539696.html}}
}

@article{jugendeinfluss,
  title={Wie Gangsta-Rap jugendliche Hoerer beeinflusst},
  journal={Westfallen-Blatt},
  year={2021},
  note={\url{https://www.faz.net/aktuell/gesellschaft/menschen/tv-kritik-zum-echo-2018-kollegah-und-farid-bang-gewinnen-echo-15539696.html}}
}

@misc{bielefeld_studie,
  title={Antisemitism in Gangsta-Rap},
  journal={Uni-Bielefeld},
  year={2020},
  note={\url{https://www.uni-bielefeld.de/fakultaeten/erziehungswissenschaft/zpi/projekte/antisemitismus-gangsta-rap/}}
}

@misc{spotipy,
title = {{lightweight Python library for the Spotify Web API}},
note = {\url{https://spotipy.readthedocs.io/en/2.22.1}}
}

@misc{auto-punctuation,
title = {{Deep Multilingual Punctuation Prediction}},
note = {\url{https://pypi.org/project/deepmultilingualpunctuation}},
author = {Oliver Guhr}
}

@misc{europarl,
title = {{europarl dataset}},
note = {\url{https://huggingface.co/datasets/wmt/europarl}}
}

@misc{GWE,
title = {{GermanWordEmbeddings}},
note = {\url{https://devmount.github.io/GermanWordEmbeddings/}}
}


@thesis{mueller2015,
  author = {{Müller}, Andreas},
  title  = "{Analyse von Wort-Vektoren deutscher Textkorpora}",
  school = {Technische Universität Berlin},
  year   = 2015,
  month  = jun,
  type   = {Bachelor's Thesis},
  url    = {https://devmount.github.io/GermanWordEmbeddings}
}


@misc{gbert,
title = {{ German Sentiment Classification with Bert }},
note = {\url{https://huggingface.co/oliverguhr/german-sentiment-bert}},
author = {Oliver Guhr}
}

@misc{germanbert,
title = {{ dbmdz German BERT models }},
note = {\url{https://huggingface.co/dbmdz/bert-base-german-cased}},
author = {{MDZ Digital Library}}
}

@misc{toxicity,
title = {{ German Toxicity Classifier Plus V2 }},
note = {\url{https://huggingface.co/EIStakovskii/german_toxicity_classifier_plus_v2}},
author = {Elisei Stakovskii}
}

@misc{polyglot,
title = {{Polyglot}},
note = {\url{https://polyglot.readthedocs.io/en/latest/}},
author = {Rami Al-Rfou}
}

@misc{stopwords1,
title = {{Plain and Extended list of German stopwords}},
note = {\url{https://github.com/solariz/german_stopwords}},
author = {Marco G{\"o}tze}
}

@misc{stopwords2,
title = {{The most comprehensive collection of stopwords for the german language.}},
note = {\url{https://github.com/stopwords-iso/stopwords-de}},
author = {Gene Diaz}
}

@misc{zero-shot,
title = {{Zero-Shot Classifier based on xlm-roberta-large}},
note = {\url{https://huggingface.co/joeddav/xlm-roberta-large-xnli}},
author = {Joe Davison}
}

@misc{spacy,
title = {{spaCy: Industrial-Strength Natural Language Processing}},
note = {\url{https://spacy.io/}},
author = {Honnibal, Matthew and Montani, Ines}
}

@article{bert,
  author    = {Jacob Devlin and
               Ming{-}Wei Chang and
               Kenton Lee and
               Kristina Toutanova},
  title     = {{BERT:} Pre-training of Deep Bidirectional Transformers for Language
               Understanding},
  journal   = {CoRR},
  volume    = {abs/1810.04805},
  year      = {2018},
  url       = {http://arxiv.org/abs/1810.04805},
  eprinttype = {arXiv},
  eprint    = {1810.04805},
  timestamp = {Tue, 30 Oct 2018 20:39:56 +0100},
  biburl    = {https://dblp.org/rec/journals/corr/abs-1810-04805.bib},
  bibsource = {dblp computer science bibliography, https://dblp.org}
}